@electronic{r3,
 title = "Raspberry Pi Zero W",
 organization = "Raspberry Pi Foundation ",
 year={2017},
 url = {https://www.raspberrypi.org/products/raspberry-pi-zero-w/}
}

@online{r14,
 author = "NOBLE PHILIP",
 title = "How to begin with Raspberry Pi GPIO programming using Python",
 year = {JULY 11, 2017},
 url = {http://opensourceforu.com/2017/07/introduction-raspberry-pi-gpio-programming-using-python/}
}

@online{r8,
 organization = "OpenCV Team",
 title = "OpenCV",
 year={2017},
 url = {https://opencv.org/}
}
@online{r9,
 organization = "Mathworks, Inc.",
 title = "Mathworks - Image Processing Toolbox",
 year={1994 - 2017},
 url = {https://www.mathworks.com/products/image.html}
}
@online{r11,
 organization = "Carnegie Mellon",
 title = "Robotics Academy - Ultrasonic Sensors",
 year={1999-2015},
 url = {http://education.rec.ri.cmu.edu/content/electronics/boe/ultrasonic_sensor/1.html}
}
@online{r12,
 organization = "Hak5 LLC",
 title = "WiFi Pineapple",
 year={2017},
 url = {https://www.wifipineapple.com/}
}
@online{r13,
 author = " Adrian Rosebrock",
 title = " Find distance from camera to object/marker using Python and OpenCV",
 year={2015},
 url = { https://www.pyimagesearch.com/2015/01/19/find-distance-camera-objectmarker-using-python-opencv/}
}
