@online{r1,
 Autor = "David Szondy",
 title = "DARPA's fully-loaded quadcopter autonomously navigates an indoor maze at 45 mph",
 year={2016},
 url = {https://newatlas.com/darpa-drone-autonomous-45-mph/41810/ }
}
@online{r2,
 organization = "American Helicopter Society",
 title = "2018 Micro-Air Vehicle Challenge Competition Rules",
 year={2017},
 url = { https://vtol.org/education/micro-air-vehicle-student-challenge/micro-air-vehicle-student-challenge-2017 }
}
@electronic{r3,
 title = "Raspberry Pi Zero W",
 organization = "Raspberry Pi Foundation ",
 year={2017},
 url = {https://www.raspberrypi.org/products/raspberry-pi-zero-w/}
}
@online{r8,
 organization = "OpenCV Team",
 title = "OpenCV",
 year={2017},
 url = {https://opencv.org/}
}
@online{r9,
 organization = "Mathworks, Inc.",
 title = "Mathworks - Image Processing Toolbox",
 year={1994 - 2017},
 url = {https://www.mathworks.com/products/image.html}
}
@online{r11,
 organization = "Carnegie Mellon",
 title = "Robotics Academy - Ultrasonic Sensors",
 year={1999-2015},
 url = {http://education.rec.ri.cmu.edu/content/electronics/boe/ultrasonic_sensor/1.html}
}
@online{r12,
 organization = "Hak5 LLC",
 title = "WiFi Pineapple",
 year={2017},
 url = {https://www.wifipineapple.com/}
}
@online{r13,
 author = " Adrian Rosebrock",
 title = " Find distance from camera to object/marker using Python and OpenCV",
 year={2015},
 url = { https://www.pyimagesearch.com/2015/01/19/find-distance-camera-objectmarker-using-python-opencv/}
}
@online{r14,
 author = "NOBLE PHILIP",
 title = "How to begin with Raspberry Pi GPIO programming using Python",
 year = {JULY 11, 2017},
 url = {http://opensourceforu.com/2017/07/introduction-raspberry-pi-gpio-programming-using-python/}
}

@online{r15,
 author = "Senix",
 title = "DISTANCE MEASUREMENT SENSOR APPLICATIONS",
 year={2015},
 url = { https://senix.com/distance-ranging/}
}
@article{r16,
 author = "Gin√©s Benet",
 title = "Robotics and Autonomous Systems",
 year="2002",
 volume  = "40",
 issue  = "4",
 pages   = "255-266",
 url = { http://www.sciencedirect.com/science/article/pii/S0921889002002713}
}
@online{r17,
 author = "Seattlecentral",
 title = "Wi-Fi",
 year={2017},
 url = {  http://resources.seattlecentral.edu/~ymoh/mic265/WiFi/WiFi.html}
}
@online{r18,
 author = "RaspberryPiResources",
 title = "Streaming Video Using VLC Player",
 year={2013},
 url = {http://www.raspberry-projects.com/pi/pi-hardware/raspberry-pi-camera/streaming-video-using-vlc-player}
}
@online{r20,
 author = "SourceForge",
 title = "MJPG-streamer",
 year={2014},
 url = {https://sourceforge.net/projects/mjpg-streamer/}
}
@online{r21,
 author = "Chris Hoffman",
 title = "Wi-Fi vs. Ethernet: How Much Better Is a Wired Connection?",
 year={2017},
 url = {https://www.howtogeek.com/217463/wi-fi-vs.-ethernet-how-much-better-is-a-wired-connection/}
}
@online{r22,
 author = "William Stallings",
 title = "Introduction to Bluetooth",
 year={2001},
 url = {http://www.informit.com/articles/article.aspx?p=23760}
}
@online{r23,
 author = "Elinux",
 title = "RPi-Cam-Web-Interface",
 year={2017},
 url = {https://elinux.org/RPi-Cam-Web-Interface}
}
@electronic{r24,
 organization = "Arduino AG ",
 title = "Arduino MKR Zero",
 year={2017},
 url = {https://store.arduino.cc/arduino-mkrzero}
}
@electronic{r25,
 organization = "Raspberry Pi Foundation ",
 title = "Raspberry Pi 3 Model B",
 year={2017},
 url = {https://www.raspberrypi.org/products/raspberry-pi-3-model-b/}
}
@online{r26,
 author = "Robert Feranec and Martin Murin",
 title = "OpenRex",
 year={2010 - 2017},
 url = {http://www.imx6rex.com/open-rex/}
}
@online{r27,
 organization = "Raspberry Pi Foundation",
 title = "Raspbian",
 year={2017},
 url = {https://www.raspbian.org/RaspbianAbout}
}
@online{r28,
 organization = "Microsoft, Inc.",
 title = "Microsoft Win 10 iot core",
 year={2017},
 url = {https://developer.microsoft.com/en-us/windows/iot}
}
@online{r29,
 organization = "Canonical Ltd.",
 title = "Ubuntu",
 year={2017},
 url = {https://www.ubuntu.com/}
}
@online{r30,
 organization = "Mathworks, Inc.",
 title = "Mathworks - Image Processing Toolbox",
 year={1994 - 2017},
 url = {https://www.mathworks.com/products/image.html}
}
@online{r31,
 author = "Cyrill Stachniss and Udo Frese and Giorgio Grisetti ",
 title = "OpenSLAM",
 year={1999 - 2016},
 url = {http://openslam.org/}
}
@electronic{r32,
 author = "Andrea Goldlsmith",
 title = "Wireless Communications",
 year={2005},
}
@online{r33,
 author = "J.M. Kahn, J.R. Barry",
 title = "Wireless infrared communications",
 year={Feb 1997},
 url = {http://ieeexplore.ieee.org/document/554222/}
}
@online{r35,
 organiztion = "USC/Information Sciences Institute",
 title = {User Datagram Protocol},
 year = {August 1980},
 url ={https://www.ietf.org/rfc/rfc768.txt}
}

