@online{r1,
 author = "Arduino AG ",
 title = "Arduino MKR Zero",
 year={2017},
 url = {https://store.arduino.cc/arduino-mkrzero}
}

@online{r2,
 author = "Raspberry Pi Foundation ",
 title = "Raspberry Pi 3 Model B",
 year={2017},
 url = {https://www.raspberrypi.org/products/raspberry-pi-3-model-b/}
}

@online{r3,
 title = "Raspberry Pi Zero W",
 author = "Raspberry Pi Foundation ",
 year={2017},
 url = {https://www.raspberrypi.org/products/raspberry-pi-zero-w/}
}

@online{r4,
 author = "Robert Feranec and Martin Murin",
 title = "OpenRex",
 year={2010 - 2017},
 url = {http://www.imx6rex.com/open-rex/}
}

@online{r5,
 author = "Raspberry Pi Foundation",
 title = "Raspbian",
 year={2017},
 url = {https://www.raspbian.org/RaspbianAbout}
}
@online{r6,
 author = "Microsoft, Inc.",
 title = "Microsoft Win 10 iot core",
 year={2017},
 url = {https://developer.microsoft.com/en-us/windows/iot}
}
@online{r7,
 author = "Canonical Ltd.",
 title = "Ubuntu",
 year={2017},
 url = {https://www.ubuntu.com/}
}
@online{r8,
 author = "OpenCV Team",
 title = "OpenCV",
 year={2017},
 url = {https://opencv.org/}
}
@online{r9,
 author = "Mathworks, Inc.",
 title = "Mathworks - Image Processing Toolbox",
 year={1994 - 2017},
 url = {https://www.mathworks.com/products/image.html}
}
@online{r10,
 author = "Cyrill Stachniss and Udo Frese and Giorgio Grisetti ",
 title = "OpenSLAM",
 year={1999 - 2016},
 url = {http://openslam.org/}
}


