@online{r1,
 Autor = "David Szondy",
 title = "DARPA's fully-loaded quadcopter autonomously navigates an indoor maze at 45 mph",
 year={2016},
 url = {https://newatlas.com/darpa-drone-autonomous-45-mph/41810/ }
}

@online{r2,
 organization = "American Helicopter Society",
 title = "2018 Micro-Air Vehicle Challenge Competition Rules",
 year={2017},
 url = { https://vtol.org/education/micro-air-vehicle-student-challenge/micro-air-vehicle-student-challenge-2017 }
}