@electronic{r1,
 author = "Andrea Goldlsmith",
 title = "Wireless Communications",
 year={2005},
}


@online{r2,
 author = "J.M. Kahn, J.R. Barry",
 title = "Wireless infrared communications",
 year={Feb 1997},
 url = {http://ieeexplore.ieee.org/document/554222/}
}

@online{r3,
 organization = "Creative Commons",
 title = "What is Wi-Fi and How Does it Work",
 year={Feb 2016},
 url = {file:///E:/CS461/what-is-wifi-and-how-does-it-work-298-o1yu7t.pdf}
}

@online{r4,
 organiztion = "USC/Information Sciences Institute",
 title = {User Datagram Protocol},
 year = {August 1980},
 url ={https://www.ietf.org/rfc/rfc768.txt}
}

@online{r5,
 organiztion = "Internet Engineering Task Force",
 year = {May 2011},
 url = {https://tools.ietf.org/html/rfc6247}
} 
