@online{r1,
 author = "Senix",
 title = "DISTANCE MEASUREMENT SENSOR APPLICATIONS",
 year={2015},
 url = { https://senix.com/distance-ranging/}
}

@online{r2,
 author = "Wikipedia",
 title = "Infrared",
 year={2017},
 url = { https://en.wikipedia.org/wiki/Infrared}
}

@online{r3,
 author = "Wikipedia",
 title = "Wi-Fi",
 year={2017},
 url = {  https://en.wikipedia.org/wiki/Wi-Fi}
}

@online{r4,
 author = "Wikipedia",
 title = "VLC media player",
 year={2017},
 url = {https://en.wikipedia.org/wiki/VLC_media_player}
}
@online{r5,
 author = "Carnegie Mellon University",
 title = "What is an Ultrasonic Sensor?",
 year={2012},
 url = {http://education.rec.ri.cmu.edu/content/electronics/boe/ultrasonic_sensor/1.html}
}
@online{r6,
 author = "sourceforge",
 title = "MJPG-streamer",
 year={2014},
 url = {https://sourceforge.net/projects/mjpg-streamer/}
}
@online{r7,
 author = "wikipedia",
 title = "Bluetooth",
 year={2017},
 url = {https://en.wikipedia.org/wiki/Bluetooth}
}
@online{r8,
 author = "Bluetooth",
 title = "what is bluetooth technology?",
 year={2017},
 url = {https://www.bluetooth.com/what-is-bluetooth-technology/how-it-works}
}
@online{r9,
 author = "elinux",
 title = "RPi-Cam-Web-Interface",
 year={2017},
 url = {https://elinux.org/RPi-Cam-Web-Interface}
}
